<record><leader>00000cas a2200000 a 4500</leader><controlfield tag="001">33399186</controlfield><controlfield tag="008">951101d19101952fluwr ne      0    0eng c</controlfield><datafield ind1=" " ind2=" " tag="010"><subfield code="a">sn 95047203 </subfield></datafield><datafield ind1=" " ind2=" " tag="040"><subfield code="a">FUG</subfield><subfield code="b">eng</subfield><subfield code="c">FUG</subfield><subfield code="d">OCLCQ</subfield><subfield code="d">OCLCO</subfield></datafield><datafield ind1=" " ind2=" " tag="012"><subfield code="i">9511</subfield></datafield><datafield ind1="1" ind2=" " tag="029"><subfield code="a">AU@</subfield><subfield code="b">000012081481</subfield></datafield><datafield ind1=" " ind2=" " tag="042"><subfield code="a">pcc</subfield></datafield><datafield ind1=" " ind2=" " tag="043"><subfield code="a">n-us-fl</subfield></datafield><datafield ind1="0" ind2=" " tag="130"><subfield code="a">Milton gazette (Milton, Fla.)</subfield></datafield><datafield ind1="1" ind2="4" tag="245"><subfield code="a">The Milton gazette.</subfield></datafield><datafield ind1="1" ind2="3" tag="246"><subfield code="a">Gazette</subfield></datafield><datafield ind1=" " ind2=" " tag="260"><subfield code="a">Milton, Santa Rosa County, Fla. :</subfield><subfield code="b">Milton Gazette Pub. Co.,</subfield><subfield code="c">1910-</subfield></datafield><datafield ind1=" " ind2=" " tag="300"><subfield code="a">v.</subfield></datafield><datafield ind1=" " ind2=" " tag="310"><subfield code="a">Weekly,</subfield><subfield code="b">&lt;1939&gt;-1952</subfield></datafield><datafield ind1=" " ind2=" " tag="321"><subfield code="a">Weekly,</subfield><subfield code="b">1910-&lt;1911&gt;</subfield></datafield><datafield ind1=" " ind2=" " tag="321"><subfield code="a">Semiweekly,</subfield><subfield code="b">&lt;1914-1920&gt;</subfield></datafield><datafield ind1="0" ind2=" " tag="362"><subfield code="a">Vol. 1, no. 1 (Aug. 5, 1910)-</subfield></datafield><datafield ind1="1" ind2=" " tag="362"><subfield code="a">Ceased in 1952.</subfield></datafield><datafield ind1=" " ind2=" " tag="580"><subfield code="a">Merged with: Santa Rosa press (Milton, Fla.), to become: Press-gazette (Milton, Fla.).</subfield></datafield><datafield ind1=" " ind2=" " tag="588"><subfield code="a">Latest issue consulted: Vol. 45, no. 35 (Dec. 18, 1952).</subfield></datafield><datafield ind1=" " ind2="0" tag="651"><subfield code="a">Milton (Fla.)</subfield><subfield code="v">Newspapers.</subfield></datafield><datafield ind1=" " ind2="0" tag="651"><subfield code="a">Santa Rosa (Fla.)</subfield><subfield code="v">Newspapers.</subfield></datafield><datafield ind1=" " ind2=" " tag="752"><subfield code="a">United States</subfield><subfield code="b">Florida</subfield><subfield code="c">Santa Rosa</subfield><subfield code="d">Milton.</subfield></datafield><datafield ind1="1" ind2="7" tag="785"><subfield code="t">Santa Rosa press (Milton, Fla.)</subfield><subfield code="w">(DLC)sn 99027013</subfield><subfield code="w">(OCoLC)43076321</subfield></datafield><datafield ind1="1" ind2="7" tag="785"><subfield code="t">Press-gazette (Milton, Fla.)</subfield><subfield code="w">(DLC)sn 95047206</subfield><subfield code="w">(OCoLC)33399187</subfield></datafield><datafield ind1=" " ind2=" " tag="850"><subfield code="a">FU</subfield></datafield></record>